@article{peizheng2006,

author 	= {Pei  Zheng, Lionel M. Ni},
title     	={Smart Phone and Next Generation Mobile Computing},
year    	={2006},

}

@article{nurfit2012,

author 	= {Nurfit},
title     	={Smartphone Addiction and Impact on Society},
year    	={2012},

}

@article{bradreed2010,

author 	= {Brad Reed},
title     	={A brief history of Smartphones},
year    	={2010},

}

@article{manojkumar2011,

author 	= {Manoj Kumar},
title     	={Impact of the Evolution of Smart Phones in Education Technology and its Application in Technical and Professional Studies},
year    	={2011},

}


}